@misc{prisma,
  title = {Prisma},
  note = {\url{https://www.prisma.io/docs/},
  (参照日 = 2025/10/27)}
}
@misc{orm,
  title = {オブジェクトリレーショナルマッピング (ORM) とは},
  note = {\url{https://aws.amazon.com/jp/what-is/object-relational-mapping/},
  (参照日 = 2025/10/27)}
}


@misc{webserver,
  title ={Webアプリケーションサーバとは？Webサーバとの違いや3層構造についても解説},
  note = {\url{https://dx.nid.co.jp/column/what-is-a-web-application-server},
  (参照日 = 2025/10/22)}
}

@misc{apserver,
  title ={APサーバーとは?},
  note = {\url{https://cmc-japan.co.jp/blog/ap-server/},
  (参照日 = 2025/10/22)}
}

