@misc{server-client,
  title = {サーバーとは？クライアントとは？それぞれの違い },
  author = {MENTER編集者},
    note = {\url{https://menter.jp/blog/server-and-client},
  (参照日 = 2025/10/22)}
}

@misc{database,
  title = {データベースとは},
  note = {\url{https://www.oracle.com/jp/database/what-is-database/},
  (参照日 = 2025/10/22)}
}

@misc{webserver,
  title ={Webアプリケーションサーバとは？Webサーバとの違いや3層構造についても解説},
  note = {\url{https://dx.nid.co.jp/column/what-is-a-web-application-server},
  (参照日 = 2025/10/22)}
}

@misc{apserver,
  title ={APサーバーとは?},
  note = {\url{https://cmc-japan.co.jp/blog/ap-server/},
  (参照日 = 2025/10/22)}
}

